
    <zs:record>
      <zs:recordSchema/>
      <zs:recordPacking>xml</zs:recordPacking>
      <zs:recordData>
        <record xmlns="http://www.loc.gov/MARC21/slim">
          <leader>00934cam a2200265 i 4500</leader>
          <controlfield tag="001">4580871</controlfield>
          <controlfield tag="005">20171120134647.0</controlfield>
          <controlfield tag="008">751210s1975    txuc          000 0ceng  </controlfield>
          <datafield tag="906" ind1=" " ind2=" ">
            <subfield code="a">7</subfield>
            <subfield code="b">cbc</subfield>
            <subfield code="c">orignew</subfield>
            <subfield code="d">2</subfield>
            <subfield code="e">ocip</subfield>
            <subfield code="f">19</subfield>
            <subfield code="g">y-gencatlg</subfield>
          </datafield>
          <datafield tag="925" ind1="0" ind2=" ">
            <subfield code="a">acquire</subfield>
            <subfield code="b">1 shelf copy</subfield>
            <subfield code="x">policy default</subfield>
          </datafield>
          <datafield tag="010" ind1=" " ind2=" ">
            <subfield code="a">   75027032 </subfield>
          </datafield>
          <datafield tag="020" ind1=" " ind2=" ">
            <subfield code="c">$12.50</subfield>
          </datafield>
          <datafield tag="035" ind1=" " ind2=" ">
            <subfield code="9">(DLC)   75027032</subfield>
          </datafield>
          <datafield tag="040" ind1=" " ind2=" ">
            <subfield code="a">DLC</subfield>
            <subfield code="c">DLC</subfield>
            <subfield code="d">DLC</subfield>
          </datafield>
          <datafield tag="043" ind1=" " ind2=" ">
            <subfield code="a">n-us-tx</subfield>
          </datafield>
          <datafield tag="050" ind1="0" ind2="0">
            <subfield code="a">HQ1438.T4</subfield>
            <subfield code="b">W64</subfield>
          </datafield>
          <datafield tag="082" ind1="0" ind2="0">
            <subfield code="a">920.72/09764</subfield>
          </datafield>
          <datafield tag="245" ind1="0" ind2="0">
            <subfield code="a">Women in early Texas /</subfield>
            <subfield code="c">edited by Evelyn M. Carrington ; sponsored by American Association of University Women, Austin Branch.</subfield>
          </datafield>
          <datafield tag="260" ind1=" " ind2=" ">
            <subfield code="a">Austin :</subfield>
            <subfield code="b">Jenkins Pub. Co.,</subfield>
            <subfield code="c">1975.</subfield>
          </datafield>
          <datafield tag="300" ind1=" " ind2=" ">
            <subfield code="a">308 p. :</subfield>
            <subfield code="b">ports. ;</subfield>
            <subfield code="c">23 cm.</subfield>
          </datafield>
          <datafield tag="650" ind1=" " ind2="0">
            <subfield code="a">Women</subfield>
            <subfield code="z">Texas</subfield>
            <subfield code="x">Biography.</subfield>
          </datafield>
          <datafield tag="650" ind1=" " ind2="0">
            <subfield code="a">Women</subfield>
            <subfield code="z">Texas</subfield>
            <subfield code="x">Social conditions.</subfield>
          </datafield>
          <datafield tag="700" ind1="1" ind2=" ">
            <subfield code="a">Carrington, Evelyn M.</subfield>
          </datafield>
          <datafield tag="710" ind1="2" ind2=" ">
            <subfield code="a">American Association of University Women.</subfield>
            <subfield code="b">Austin Branch.</subfield>
          </datafield>
          <datafield tag="991" ind1=" " ind2=" ">
            <subfield code="b">c-GenColl</subfield>
            <subfield code="h">HQ1438.T4</subfield>
            <subfield code="i">W64</subfield>
            <subfield code="t">Copy 1</subfield>
            <subfield code="w">BOOKS</subfield>
          </datafield>
        </record>
      </zs:recordData>
      <zs:recordPosition>2</zs:recordPosition>
    </zs:record>