
    <zs:record>
      <zs:recordSchema/>
      <zs:recordPacking>xml</zs:recordPacking>
      <zs:recordData>
        <record xmlns="http://www.loc.gov/MARC21/slim">
          <leader>01545cam a22003371a 4500</leader>
          <controlfield tag="001">9601661</controlfield>
          <controlfield tag="005">20120723165109.0</controlfield>
          <controlfield tag="008">770510s1902    enkaf         000 0 eng  </controlfield>
          <datafield tag="035" ind1=" " ind2=" ">
            <subfield code="9">(DLC)   03004223</subfield>
          </datafield>
          <datafield tag="906" ind1=" " ind2=" ">
            <subfield code="a">7</subfield>
            <subfield code="b">cbc</subfield>
            <subfield code="c">premver</subfield>
            <subfield code="d">2</subfield>
            <subfield code="e">ncip</subfield>
            <subfield code="f">19</subfield>
            <subfield code="g">y-genrareb</subfield>
          </datafield>
          <datafield tag="010" ind1=" " ind2=" ">
            <subfield code="a">   03004223 </subfield>
          </datafield>
          <datafield tag="040" ind1=" " ind2=" ">
            <subfield code="a">DLC</subfield>
            <subfield code="c">DLC</subfield>
            <subfield code="d">DLC</subfield>
          </datafield>
          <datafield tag="050" ind1="0" ind2="0">
            <subfield code="a">DG654</subfield>
            <subfield code="b">.M38</subfield>
          </datafield>
          <datafield tag="100" ind1="1" ind2=" ">
            <subfield code="a">Martinengo-Cesaresco, Evelyn Lilian Hazeldine Carrington,</subfield>
            <subfield code="c">contessa,</subfield>
            <subfield code="d">1852-1931.</subfield>
          </datafield>
          <datafield tag="245" ind1="1" ind2="0">
            <subfield code="a">Lombard studies /</subfield>
            <subfield code="c">by the countess Evelyn Martinengo Cesaresco ; with illustrations.</subfield>
          </datafield>
          <datafield tag="260" ind1=" " ind2=" ">
            <subfield code="a">London :</subfield>
            <subfield code="b">T. Fisher Unwin,</subfield>
            <subfield code="c">1902.</subfield>
          </datafield>
          <datafield tag="300" ind1=" " ind2=" ">
            <subfield code="a">vii, 392 p., [33] leaves of plates :</subfield>
            <subfield code="b">ill. ;</subfield>
            <subfield code="c">23 cm.</subfield>
          </datafield>
          <datafield tag="505" ind1="0" ind2=" ">
            <subfield code="a">Benacus, the poets' lake -- Memorials of a Lombard house [i.e. the Martinengo family] -- Vittoria Accoramboni -- In the Francia-corta -- The Lake of Iseo -- Lombard agriculture -- Arthur Young's north Italian journey -- Rimini to-day -- Historical Rimini -- The popular stage -- La Scala.</subfield>
          </datafield>
          <datafield tag="500" ind1=" " ind2=" ">
            <subfield code="a">Forms part of the personal library materials in the Joseph and Elizabeth Robins Pennell Collection.</subfield>
            <subfield code="5">DLC</subfield>
          </datafield>
          <datafield tag="651" ind1=" " ind2="0">
            <subfield code="a">Lombardy (Italy)</subfield>
            <subfield code="x">Description and travel.</subfield>
          </datafield>
          <datafield tag="651" ind1=" " ind2="0">
            <subfield code="a">Garda, Lake (Italy)</subfield>
          </datafield>
          <datafield tag="651" ind1=" " ind2="0">
            <subfield code="a">Iseo, Lake (Italy)</subfield>
          </datafield>
          <datafield tag="651" ind1=" " ind2="0">
            <subfield code="a">Rimini (Italy)</subfield>
          </datafield>
          <datafield tag="610" ind1="1" ind2="0">
            <subfield code="a">Teatro alla Scala.</subfield>
          </datafield>
          <datafield tag="600" ind1="1" ind2="0">
            <subfield code="a">Accoramboni, Vittoria,</subfield>
            <subfield code="d">1557-1585.</subfield>
          </datafield>
          <datafield tag="600" ind1="1" ind2="0">
            <subfield code="a">Young, Arthur,</subfield>
            <subfield code="d">1741-1820.</subfield>
          </datafield>
          <datafield tag="984" ind1=" " ind2=" ">
            <subfield code="a">gsl</subfield>
          </datafield>
          <datafield tag="985" ind1=" " ind2=" ">
            <subfield code="e">OCLC REPLACEMENT</subfield>
          </datafield>
          <datafield tag="985" ind1=" " ind2=" ">
            <subfield code="a">pp/pennbk</subfield>
          </datafield>
          <datafield tag="991" ind1=" " ind2=" ">
            <subfield code="b">c-P&amp;P</subfield>
            <subfield code="m">Pennell (STORED OFF SITE - advance notice needed)</subfield>
          </datafield>
          <datafield tag="991" ind1=" " ind2=" ">
            <subfield code="b">c-GenColl</subfield>
            <subfield code="h">DG654</subfield>
            <subfield code="i">.M38</subfield>
            <subfield code="t">Copy 1</subfield>
            <subfield code="w">OCLCREP</subfield>
          </datafield>
        </record>
      </zs:recordData>
      <zs:recordPosition>19</zs:recordPosition>
    </zs:record>